@Article{ niubi-paper,
	title = "既发散又收敛的无穷级数",
	author = "张慧",
	journal = "陕西师范大学学报",
	year = "2004"
}

